% Encoding: UTF-8

@Book{huth2004logic,
  title     = {Logic in Computer Science: Modelling and reasoning about systems},
  publisher = {Cambridge University Press},
  year      = {2004},
  author    = {Huth, Michael and Ryan, Mark},
}

@Comment{jabref-meta: databaseType:bibtex;}
